@article{slivkins2019introduction,
url = {http://dx.doi.org/10.1561/2200000068},
year = {2019},
volume = {12},
journal = {Foundations and TrendsÂ® in Machine Learning},
title = {Introduction to Multi-Armed Bandits},
doi = {10.1561/2200000068},
issn = {1935-8237},
number = {1-2},
pages = {1-286},
author = {Aleksandrs Slivkins }
}

@inproceedings{xiong2023bias,
  title={Bias-variance tradeoffs for designing simultaneous temporal experiments},
  author={Xiong, Ruoxuan and Chin, Alex and Taylor, Sean},
  booktitle={The KDD'23 Workshop on Causal Discovery, Prediction and Decision},
  pages={115--131},
  year={2023},
  organization={PMLR}
}



@book{wald2004sequential,
  title={Sequential analysis},
  author={Wald, Abraham},
  year={2004},
  publisher={Courier Corporation}
}

@book{bertsekas2012dynamic,
  title={Dynamic programming and optimal control: Volume I},
  author={Bertsekas, Dimitri},
  volume={1},
  year={2012},
  publisher={Athena scientific}
}

@article{angrist1995split,
  title={Split-sample instrumental variables estimates of the return to schooling},
  author={Angrist, Joshua D and Krueger, Alan B},
  journal={Journal of Business \& Economic Statistics},
  volume={13},
  number={2},
  pages={225--235},
  year={1995},
  publisher={Taylor \& Francis}
}

@article{angrist1999jackknife,
  title={Jackknife instrumental variables estimation},
  author={Angrist, Joshua D and Imbens, Guido W and Krueger, Alan B},
  journal={Journal of Applied Econometrics},
  volume={14},
  number={1},
  pages={57--67},
  year={1999},
  publisher={Wiley Online Library}
}

@book{siegmund1985sequential,
  title={Sequential analysis: tests and confidence intervals},
  author={Siegmund, David},
  year={1985},
  publisher={Springer Science \& Business Media}
}

@article{athey2002impact,
	title={The impact of information technology on emergency health care outcomes.},
	author={Athey, S and Stern, S},
	journal={The Rand Journal of Economics},
	volume={33},
	number={3},
	pages={399},
	year={2002}
}

@article{heckman2005structural,
  title={Structural equations, treatment effects, and econometric policy evaluation 1},
  author={Heckman, James J and Vytlacil, Edward},
  journal={Econometrica},
  volume={73},
  number={3},
  pages={669--738},
  year={2005},
  publisher={Wiley Online Library}
}

@incollection{robins1997causal,
  title={Causal inference from complex longitudinal data},
  author={Robins, James M},
  booktitle={Latent variable modeling and applications to causality},
  pages={69--117},
  year={1997},
  publisher={Springer}
}

@misc{chernozhukov2018double,
  title={Double/debiased machine learning for treatment and structural parameters: Double/debiased machine learning},
  author={Chernozhukov, Victor and Chetverikov, Denis and Demirer, Mert and Duflo, Esther and Hansen, Christian and Newey, Whitney and Robins, James},
  journal={The Econometrics Journal},
  volume={21},
  number={1},
  year={2018},
  publisher={Oxford University Press}
}

@article{fan2012variance,
  title={Variance estimation using refitted cross-validation in ultrahigh dimensional regression},
  author={Fan, Jianqing and Guo, Shaojun and Hao, Ning},
  journal={Journal of the Royal Statistical Society: Series B (Statistical Methodology)},
  volume={74},
  number={1},
  pages={37--65},
  year={2012},
  publisher={Wiley Online Library}
}

@article{belloni2012sparse,
  title={Sparse models and methods for optimal instruments with an application to eminent domain},
  author={Belloni, Alexandre and Chen, Daniel and Chernozhukov, Victor and Hansen, Christian},
  journal={Econometrica},
  volume={80},
  number={6},
  pages={2369--2429},
  year={2012},
  publisher={Wiley Online Library}
}

@article{abadie2021synthetic,
  title={Synthetic Controls for Experimental Design},
  author={Abadie, Alberto and Zhao, Jinglong},
  journal={arXiv preprint arXiv:2108.02196},
  year={2021}
}

@article{doudchenkodesigning2021,
  title={Designing experiments with synthetic controls},
  author={Doudchenko, Nick and Gilinson, David and Taylor, Sean and Wernerfelt, Nils},
  year={2019},
  institution={Technical report, Working paper}
}

@article{sun2020estimating,
	title={Estimating dynamic treatment effects in event studies with heterogeneous treatment effects},
	author={Sun, Liyang and Abraham, Sarah},
	journal={Journal of Econometrics},
	year={2020},
	publisher={Elsevier}
}

@techreport{goodman2018difference,
	title={Difference-in-differences with variation in treatment timing},
	author={Goodman-Bacon, Andrew},
	year={2018},
	institution={National Bureau of Economic Research}
}


@article{de2020two,
	title={Two-way fixed effects estimators with heterogeneous treatment effects},
	author={De Chaisemartin, Cl{\'e}ment and d'Haultfoeuille, Xavier},
	journal={American Economic Review},
	volume={110},
	number={9},
	pages={2964--96},
	year={2020}
}


@article{han2020identification,
  title={Identification in nonparametric models for dynamic treatment effects},
  author={Han, Sukjin},
  journal={Journal of Econometrics},
  year={2020},
  publisher={Elsevier}
}

@article{goodman2021difference,
  title={Difference-in-differences with variation in treatment timing},
  author={Goodman-Bacon, Andrew},
  journal={Journal of Econometrics},
  year={2021},
  publisher={Elsevier}
}


@techreport{card1993minimum,
	title={Minimum wages and employment: A case study of the fast food industry in New Jersey and Pennsylvania},
	author={Card, David and Krueger, Alan B},
	year={1993},
	institution={National Bureau of Economic Research}
}

@article{greenstone2014environmental,
	title={Environmental regulations, air and water pollution, and infant mortality in India},
	author={Greenstone, Michael and Hanna, Rema},
	journal={American Economic Review},
	volume={104},
	number={10},
	pages={3038--72},
	year={2014}
}

@article{bojinov2020design,
  title={Design and analysis of switchback experiments},
  author={Bojinov, Iavor and Simchi-Levi, David and Zhao, Jinglong},
  journal={Management Science},
  volume={69},
  number={7},
  pages={3759--3777},
  year={2023},
  publisher={INFORMS}
}

@article{blundell1998initial,
	title={Initial conditions and moment restrictions in dynamic panel data models},
	author={Blundell, Richard and Bond, Stephen},
	journal={Journal of econometrics},
	volume={87},
	number={1},
	pages={115--143},
	year={1998},
	publisher={Elsevier}
}

@book{angrist2008mostly,
	title={Mostly harmless econometrics: An empiricist's companion},
	author={Angrist, Joshua D and Pischke, J{\"o}rn-Steffen},
	year={2008},
	publisher={Princeton university press}
}

@article{bailey2015war,
	title={The War on Poverty's experiment in public medicine: Community health centers and the mortality of older Americans},
	author={Bailey, Martha J and Goodman-Bacon, Andrew},
	journal={American Economic Review},
	volume={105},
	number={3},
	pages={1067--1104},
	year={2015}
}

@article{dickey1979distribution,
	title={Distribution of the estimators for autoregressive time series with a unit root},
	author={Dickey, David A and Fuller, Wayne A},
	journal={Journal of the American statistical association},
	volume={74},
	number={366a},
	pages={427--431},
	year={1979},
	publisher={Taylor \& Francis}
}

@article{phillips1988testing,
	title={Testing for a unit root in time series regression},
	author={Phillips, Peter CB and Perron, Pierre},
	journal={Biometrika},
	volume={75},
	number={2},
	pages={335--346},
	year={1988},
	publisher={Oxford University Press}
}

@article{li2018optimal,
	title={Optimal allocation of clusters in cohort stepped wedge designs},
	author={Li, Fan and Turner, Elizabeth L and Preisser, John S},
	journal={Statistics \& Probability Letters},
	volume={137},
	pages={257--263},
	year={2018},
	publisher={Elsevier}
}


@article{bai2009panel,
	title={Panel data models with interactive fixed effects},
	author={Bai, Jushan},
	journal={Econometrica},
	volume={77},
	number={4},
	pages={1229--1279},
	year={2009},
	publisher={Wiley Online Library}
}


@article{pesaran2006estimation,
	title={Estimation and inference in large heterogeneous panels with a multifactor error structure},
	author={Pesaran, M Hashem},
	journal={Econometrica},
	volume={74},
	number={4},
	pages={967--1012},
	year={2006},
	publisher={Wiley Online Library}
}


@article{juodis2018fixed,
	title={Fixed T dynamic panel data estimators with multifactor errors},
	author={Juodis, Art{\=u}ras and Sarafidis, Vasilis},
	journal={Econometric Reviews},
	volume={37},
	number={8},
	pages={893--929},
	year={2018},
	publisher={Taylor \& Francis}
}

@article{wallace1969use,
	title={The use of error components models in combining cross section with time series data},
	author={Wallace, T Dudley and Hussain, Ashiq},
	journal={Econometrica: Journal of the Econometric Society},
	pages={55--72},
	year={1969},
	publisher={JSTOR}
}

@article{bai2002determining,
	title={Determining the number of factors in approximate factor models},
	author={Bai, Jushan and Ng, Serena},
	journal={Econometrica},
	volume={70},
	number={1},
	pages={191--221},
	year={2002},
	publisher={Wiley Online Library}
}

@article{bai2003inferential,
	title={Inferential theory for factor models of large dimensions},
	author={Bai, Jushan},
	journal={Econometrica},
	volume={71},
	number={1},
	pages={135--171},
	year={2003},
	publisher={Wiley Online Library}
}


@article{sarafidis2016neighbourhood,
	title={Neighbourhood GMM estimation of dynamic panel data models},
	author={Sarafidis, Vasilis},
	journal={Computational Statistics \& Data Analysis},
	volume={100},
	pages={526--544},
	year={2016},
	publisher={Elsevier}
}

@article{arellano1991some,
	title={Some tests of specification for panel data: Monte Carlo evidence and an application to employment equations},
	author={Arellano, Manuel and Bond, Stephen},
	journal={The review of economic studies},
	volume={58},
	number={2},
	pages={277--297},
	year={1991},
	publisher={Wiley-Blackwell}
}

@article{bun2015dynamic,
	title={Dynamic panel data models},
	author={Bun, Maurice JG and Sarafidis, Vasilis and others},
	journal={The Oxford handbook of panel data},
	pages={76--110},
	year={2015},
	publisher={Oxford University Press Oxford}
}

@article{bun2005bias,
	title={Bias-corrected estimation in dynamic panel data models},
	author={Bun, Maurice JG and Carree, Martin A},
	journal={Journal of business \& economic statistics},
	volume={23},
	number={2},
	pages={200--210},
	year={2005},
	publisher={Taylor \& Francis}
}

@misc{sarafidis2020celebrating,
	title={Celebrating 40 years of panel data analysis: Past, present and future},
	author={Sarafidis, Vasilis and Wansbeek, Tom},
	year={2020},
	publisher={Elsevier}
}


@article{holtz1988estimating,
	title={Estimating vector autoregressions with panel data},
	author={Holtz-Eakin, Douglas and Newey, Whitney and Rosen, Harvey S},
	journal={Econometrica: Journal of the econometric society},
	pages={1371--1395},
	year={1988},
	publisher={JSTOR}
}

@article{sarafidis2012cross,
	title={Cross-sectional dependence in panel data analysis},
	author={Sarafidis, Vasilis and Wansbeek, Tom},
	journal={Econometric Reviews},
	volume={31},
	number={5},
	pages={483--531},
	year={2012},
	publisher={Taylor \& Francis}
}

@article{bai2016econometric,
	title={Econometric analysis of large factor models},
	author={Bai, Jushan and Wang, Peng},
	journal={Annual Review of Economics},
	volume={8},
	pages={53--80},
	year={2016},
	publisher={Annual Reviews}
}

@article{nickell1981biases,
	title={Biases in dynamic models with fixed effects},
	author={Nickell, Stephen},
	journal={Econometrica: Journal of the econometric society},
	pages={1417--1426},
	year={1981},
	publisher={JSTOR}
}


@article{anderson1981estimation,
	title={Estimation of dynamic models with error components},
	author={Anderson, Theodore Wilbur and Hsiao, Cheng},
	journal={Journal of the American statistical Association},
	volume={76},
	number={375},
	pages={598--606},
	year={1981},
	publisher={Taylor \& Francis}
}

@book{baltagi2008econometric,
	title={Econometric analysis of panel data},
	author={Baltagi, Badi},
	year={2008},
	publisher={John Wiley \& Sons}
}

@book{arellano2003panel,
	title={Panel data econometrics},
	author={Arellano, Manuel},
	year={2003},
	publisher={Oxford university press}
}

@article{kiviet1995bias,
	title={On bias, inconsistency, and efficiency of various estimators in dynamic panel data models},
	author={Kiviet, Jan F},
	journal={Journal of econometrics},
	volume={68},
	number={1},
	pages={53--78},
	year={1995},
	publisher={Elsevier}
}

@article{hahn2002asymptotically,
	title={Asymptotically unbiased inference for a dynamic panel model with fixed effects when both n and T are large},
	author={Hahn, Jinyong and Kuersteiner, Guido},
	journal={Econometrica},
	volume={70},
	number={4},
	pages={1639--1657},
	year={2002},
	publisher={JSTOR}
}



@article{bai2013fixed,
	title={Fixed-effects dynamic panel models, a factor analytical method},
	author={Bai, Jushan},
	journal={Econometrica},
	volume={81},
	number={1},
	pages={285--314},
	year={2013},
	publisher={Wiley Online Library}
}

@article{mundlak1978pooling,
	title={On the pooling of time series and cross section data},
	author={Mundlak, Yair},
	journal={Econometrica: journal of the Econometric Society},
	pages={69--85},
	year={1978},
	publisher={JSTOR}
}


@article{chamberlain1984panel,
	title={Panel data},
	author={Chamberlain, Gary},
	journal={Handbook of econometrics},
	volume={2},
	pages={1247--1318},
	year={1984},
	publisher={Elsevier}
}

@article{alvarez2003time,
	title={The time series and cross-section asymptotics of dynamic panel data estimators},
	author={Alvarez, Javier and Arellano, Manuel},
	journal={Econometrica},
	volume={71},
	number={4},
	pages={1121--1159},
	year={2003},
	publisher={Wiley Online Library}
}

@article{girling2016statistical,
	title={Statistical efficiency and optimal design for stepped cluster studies under linear mixed effects models},
	author={Girling, Alan J and Hemming, Karla},
	journal={Statistics in medicine},
	volume={35},
	number={13},
	pages={2149--2166},
	year={2016},
	publisher={Wiley Online Library}
}

@article{robinson1988root,
  title={Root-N-consistent semiparametric regression},
  author={Robinson, Peter M},
  journal={Econometrica: Journal of the Econometric Society},
  pages={931--954},
  year={1988},
  publisher={JSTOR}
}

@article{kunzel2019metalearners,
  title={Metalearners for estimating heterogeneous treatment effects using machine learning},
  author={K{\"u}nzel, S{\"o}ren R and Sekhon, Jasjeet S and Bickel, Peter J and Yu, Bin},
  journal={Proceedings of the national academy of sciences},
  volume={116},
  number={10},
  pages={4156--4165},
  year={2019},
  publisher={National Acad Sciences}
}


@article{cui2019learning,
  title={Learning from inventory availability information: Evidence from field experiments on amazon},
  author={Cui, Ruomeng and Zhang, Dennis J and Bassamboo, Achal},
  journal={Management Science},
  volume={65},
  number={3},
  pages={1216--1235},
  year={2019},
  publisher={INFORMS}
}

@article{zhang2020long,
  title={The long-term and spillover effects of price promotions on retailing platforms: Evidence from a large randomized experiment on alibaba},
  author={Zhang, Dennis J and Dai, Hengchen and Dong, Lingxiu and Qi, Fangfang and Zhang, Nannan and Liu, Xiaofei and Liu, Zhongyi and Yang, Jiang},
  journal={Management Science},
  volume={66},
  number={6},
  pages={2589--2609},
  year={2020},
  publisher={INFORMS}
}


@article{cachon2019does,
  title={Does adding inventory increase sales? Evidence of a scarcity effect in US automobile dealerships},
  author={Cachon, G{\'e}rard P and Gallino, Santiago and Olivares, Marcelo},
  journal={Management Science},
  volume={65},
  number={4},
  pages={1469--1485},
  year={2019},
  publisher={INFORMS}
}

@article{cui2020sooner,
  title={Sooner or later? Promising delivery speed in online retail},
  author={Cui, Ruomeng and Lu, Zhikun and Sun, Tianshu and Golden, Joseph},
  journal={Promising Delivery Speed in Online Retail (March 29, 2020)},
  year={2020}
}

@article{wager2018estimation,
  title={Estimation and inference of heterogeneous treatment effects using random forests},
  author={Wager, Stefan and Athey, Susan},
  journal={Journal of the American Statistical Association},
  volume={113},
  number={523},
  pages={1228--1242},
  year={2018},
  publisher={Taylor \& Francis}
}

@article{gambia1987gambia,
  title={The Gambia hepatitis intervention study},
  author={Gambia Hepatitis Study Group and others},
  journal={Cancer Research},
  volume={47},
  number={21},
  pages={5782--5787},
  year={1987},
  publisher={AACR}
}

@book{imbens2015causal,
  title={Causal inference in statistics, social, and biomedical sciences},
  author={Imbens, Guido W and Rubin, Donald B},
  year={2015},
  publisher={Cambridge University Press}
}

@article{hussey2007design,
	title={Design and analysis of stepped wedge cluster randomized trials},
	author={Hussey, Michael A and Hughes, James P},
	journal={Contemporary Clinical Trials},
	volume={28},
	number={2},
	pages={182--191},
	year={2007},
	publisher={Elsevier}
}


@article{hemming2015stepped,
	title={The stepped wedge cluster randomised trial: rationale, design, analysis, and reporting},
	author={Hemming, Karla and Haines, Terry P and Chilton, Peter J and Girling, Alan J and Lilford, Richard J},
	journal={Bmj},
	volume={350},
	pages={h391},
	year={2015},
	publisher={British Medical Journal Publishing Group}
}


@article{lawrie2015optimal,
	title={Optimal stepped wedge designs},
	author={Lawrie, Jock and Carlin, John B and Forbes, Andrew B},
	journal={Statistics \& Probability Letters},
	volume={99},
	pages={210--214},
	year={2015},
	publisher={Elsevier}
}

@article{besley2004can,
	title={Can labor regulation hinder economic performance? Evidence from India},
	author={Besley, Timothy and Burgess, Robin},
	journal={The Quarterly journal of economics},
	volume={119},
	number={1},
	pages={91--134},
	year={2004},
	publisher={MIT Press}
}

@techreport{bun2001accuracy,
  title={The accuracy of inference in small samples of dynamic panel data models},
  author={Bun, Maurice JG and Kiviet, Jan F},
  year={2001},
  institution={Tinbergen Institute discussion paper}
}

@book{wooldridge2015introductory,
  title={Introductory econometrics: A modern approach},
  author={Wooldridge, Jeffrey M},
  year={2015},
  publisher={Cengage learning}
}

@article{arellano1995another,
  title={Another look at the instrumental variable estimation of error-components models},
  author={Arellano, Manuel and Bover, Olympia},
  journal={Journal of econometrics},
  volume={68},
  number={1},
  pages={29--51},
  year={1995},
  publisher={Elsevier}
}

@article{bun2006effects,
  title={The effects of dynamic feedbacks on LS and MM estimator accuracy in panel data models},
  author={Bun, Maurice JG and Kiviet, Jan F},
  journal={Journal of econometrics},
  volume={132},
  number={2},
  pages={409--444},
  year={2006},
  publisher={Elsevier}
}


@article{freyaldenhoven2019pre,
  title={Pre-event trends in the panel event-study design},
  author={Freyaldenhoven, Simon and Hansen, Christian and Shapiro, Jesse M},
  journal={American Economic Review},
  volume={109},
  number={9},
  pages={3307--38},
  year={2019}
}


@article{hastings2018snap,
  title={How are SNAP benefits spent? Evidence from a retail panel},
  author={Hastings, Justine and Shapiro, Jesse M},
  journal={American Economic Review},
  volume={108},
  number={12},
  pages={3493--3540},
  year={2018}
}

@article{berkowitz2001estimating,
  title={Estimating differential lag effects for multiple media across multiple stores},
  author={Berkowitz, David and Allaway, Arthur and D'souza, Giles},
  journal={Journal of Advertising},
  volume={30},
  number={4},
  pages={59--65},
  year={2001},
  publisher={Taylor \& Francis}
}


@article{caflisch2018sending,
  title={Sending out an SMS: The impact of automatically enrolling consumers into overdraft alerts},
  author={Caflisch, Andrea and Grubb, Michael D and Kelly, Darragh and Nieboer, Jeroen and Osborne, Matthew},
  journal={Available at SSRN 3538527},
  year={2018}
}


@article{o1979multiple,
  title={A multiple testing procedure for clinical trials},
  author={O'Brien, Peter C and Fleming, Thomas R},
  journal={Biometrics},
  pages={549--556},
  year={1979},
  publisher={JSTOR}
}



@article{chow1965asymptotic,
  title={On the asymptotic theory of fixed-width sequential confidence intervals for the mean},
  author={Chow, Yuan S and Robbins, Herbert},
  journal={The Annals of Mathematical Statistics},
  volume={36},
  number={2},
  pages={457--462},
  year={1965},
  publisher={JSTOR}
}


@article{glynn1992asymptotic,
  title={The asymptotic efficiency of simulation estimators},
  author={Glynn, Peter W and Whitt, Ward},
  journal={Operations research},
  volume={40},
  number={3},
  pages={505--520},
  year={1992},
  publisher={INFORMS}
}

@article{glynn1992asymptoticstopping,
  title={The asymptotic validity of sequential stopping rules for stochastic simulations},
  author={Glynn, Peter W and Whitt, Ward},
  journal={The Annals of Applied Probability},
  volume={2},
  number={1},
  pages={180--198},
  year={1992},
  publisher={Institute of Mathematical Statistics}
}

@article{singham2012finite,
  title={Finite-sample performance of absolute precision stopping rules},
  author={Singham, Dashi I and Schruben, Lee W},
  journal={INFORMS Journal on Computing},
  volume={24},
  number={4},
  pages={624--635},
  year={2012},
  publisher={INFORMS}
}

@article{murphy2007conjugate,
  title={Conjugate Bayesian analysis of the Gaussian distribution},
  author={Murphy, Kevin P},
  journal={def},
  volume={1},
  number={2$\sigma$2},
  pages={16},
  year={2007}
}

@article{conrad1998case,
  title={Case managed residential care for homeless addicted veterans: Results of a true experiment},
  author={Conrad, Kendon J and Hultman, Cheryl I and Pope, Annie R and Lyons, John S and Baxter, William C and Daghestani, Amin N and Lisiecki Jr, Joseph P and Elbaum, Phillip L and McCarthy Jr, Martin and Manheim, Larry M},
  journal={Medical care},
  pages={40--53},
  year={1998},
  publisher={JSTOR}
}

@article{fisher1936design,
  title={Design of experiments},
  author={Fisher, Ronald Aylmer},
  journal={Br Med J},
  volume={1},
  number={3923},
  pages={554--554},
  year={1936},
  publisher={British Medical Journal Publishing Group}
}


@article{johari2020experimental,
  title={Experimental design in two-sided platforms: An analysis of bias},
  author={Johari, Ramesh and Li, Hannah and Liskovich, Inessa and Weintraub, Gabriel},
  journal={Management Science},
  year={2022},
  publisher={INFORMS}
}

@article{candogan2021near,
  title={Near-Optimal Experimental Design for Networks: Independent Block Randomization},
  author={Candogan, Ozan and Chen, Chen and Niazadeh, Rad},
  journal={Available at SSRN},
  year={2021}
}


@article{morgan2012rerandomization,
  title={Rerandomization to improve covariate balance in experiments},
  author={Morgan, Kari Lock and Rubin, Donald B},
  journal={The Annals of Statistics},
  volume={40},
  number={2},
  pages={1263--1282},
  year={2012},
  publisher={Institute of Mathematical Statistics}
}

@book{hayes2017cluster,
  title={Cluster randomised trials},
  author={Hayes, Richard J and Moulton, Lawrence H},
  year={2017},
  publisher={Chapman and Hall/CRC}
}

@article{garg2021driver,
  title={Driver surge pricing},
  author={Garg, Nikhil and Nazerzadeh, Hamid},
  journal={Management Science},
  year={2021},
  publisher={INFORMS}
}

@article{glynn2020adaptive,
  title={Adaptive experimental design with temporal interference: A maximum likelihood approach},
  author={Glynn, Peter W and Johari, Ramesh and Rasouli, Mohammad},
  journal={Advances in Neural Information Processing Systems},
  volume={33},
  pages={15054--15064},
  year={2020}
}

@article{brown1980crossover,
  title={The crossover experiment for clinical trials},
  author={Brown Jr, Byron Wm},
  journal={Biometrics},
  pages={69--79},
  year={1980},
  publisher={JSTOR}
}

@article{card1994minimum,
  title={Minimum Wages and Employment: A Case Study of the Fast-Food Industry in New Jersey and Pennsylvania},
  author={Card, David and Krueger, Alan B},
  journal={American Economic Review},
  volume={84},
  number={4},
  pages={772--93},
  year={1994}
}


@article{abadie2003economic,
  title={The economic costs of conflict: A case study of the Basque Country},
  author={Abadie, Alberto and Gardeazabal, Javier},
  journal={American economic review},
  volume={93},
  number={1},
  pages={113--132},
  year={2003}
}

@article{athey2016recursive,
  title={Recursive partitioning for heterogeneous causal effects},
  author={Athey, Susan and Imbens, Guido},
  journal={Proceedings of the National Academy of Sciences},
  volume={113},
  number={27},
  pages={7353--7360},
  year={2016},
  publisher={National Acad Sciences}
}

@article{goldenshluger2013linear,
  title={A linear response bandit problem},
  author={Goldenshluger, Alexander and Zeevi, Assaf},
  journal={Stochastic Systems},
  volume={3},
  number={1},
  pages={230--261},
  year={2013},
  publisher={INFORMS}
}

@article{bastani2020online,
  title={Online decision making with high-dimensional covariates},
  author={Bastani, Hamsa and Bayati, Mohsen},
  journal={Operations Research},
  volume={68},
  number={1},
  pages={276--294},
  year={2020},
  publisher={INFORMS}
}

@article{harshaw2019balancing,
  title={Balancing covariates in randomized experiments with the Gram-Schmidt Walk design},
  author={Harshaw, Christopher and S{\"a}vje, Fredrik and Spielman, Daniel and Zhang, Peng},
  journal={arXiv preprint arXiv:1911.03071},
  year={2019}
}


@misc{chamandy2016,
  title={Experimentation in a ridesharing marketplace},
  author={Chamandy, Nicholas},
  howpublished = "\url{https://eng.lyft.com/experimentation-in-a-ridesharing-marketplace-f75a9c4fcf01}",
  year={2016}
}



@article{wu1981robustness,
  title={On the robustness and efficiency of some randomized designs},
  author={Wu, Chien-Fu},
  journal={The Annals of Statistics},
  pages={1168--1177},
  year={1981},
  publisher={JSTOR}
}



@article{liu1999unbiased,
  title={Unbiased estimation following a group sequential test},
  author={Liu, Aiyi and Hall, WJ},
  journal={Biometrika},
  volume={86},
  number={1},
  pages={71--78},
  year={1999},
  publisher={Oxford University Press}
}

@article{wei1977class,
  title={A class of designs for sequential clinical trials},
  author={Wei, Lee-Jen},
  journal={Journal of the American Statistical Association},
  volume={72},
  number={358},
  pages={382--386},
  year={1977},
  publisher={Taylor \& Francis}
}

@inproceedings{johari2017peeking,
  title={Peeking at a/b tests: Why it matters, and what to do about it},
  author={Johari, Ramesh and Koomen, Pete and Pekelis, Leonid and Walsh, David},
  booktitle={Proceedings of the 23rd ACM SIGKDD International Conference on Knowledge Discovery and Data Mining},
  pages={1517--1525},
  year={2017}
}

@article{bertrand2004much,
	title={How much should we trust differences-in-differences estimates?},
	author={Bertrand, Marianne and Duflo, Esther and Mullainathan, Sendhil},
	journal={The Quarterly journal of economics},
	volume={119},
	number={1},
	pages={249--275},
	year={2004},
	publisher={MIT Press}
}

@article{banerjee2013diffusion,
  title={The diffusion of microfinance},
  author={Banerjee, Abhijit and Chandrasekhar, Arun G and Duflo, Esther and Jackson, Matthew O},
  journal={Science},
  volume={341},
  number={6144},
  pages={1236498},
  year={2013},
  publisher={American Association for the Advancement of Science}
}

@article{hudgens2008toward,
  title={Toward causal inference with interference},
  author={Hudgens, Michael G and Halloran, M Elizabeth},
  journal={Journal of the American Statistical Association},
  volume={103},
  number={482},
  pages={832--842},
  year={2008},
  publisher={Taylor \& Francis}
}

@article{sobel2006randomized,
  title={What do randomized studies of housing mobility demonstrate? Causal inference in the face of interference},
  author={Sobel, Michael E},
  journal={Journal of the American Statistical Association},
  volume={101},
  number={476},
  pages={1398--1407},
  year={2006},
  publisher={Taylor \& Francis}
}

@article{ng2001spectral,
  title={On spectral clustering: Analysis and an algorithm},
  author={Ng, Andrew and Jordan, Michael and Weiss, Yair},
  journal={Advances in neural information processing systems},
  volume={14},
  year={2001}
}


@article{kernan1999stratified,
  title={Stratified randomization for clinical trials},
  author={Kernan, Walter N and Viscoli, Catherine M and Makuch, Robert W and Brass, Lawrence M and Horwitz, Ralph I},
  journal={Journal of clinical epidemiology},
  volume={52},
  number={1},
  pages={19--26},
  year={1999},
  publisher={Elsevier}
}

@article{de2008consequences,
  title={On the consequences of overstratification},
  author={De Stavola, BL and Cox, DR},
  journal={Biometrika},
  volume={95},
  number={4},
  pages={992--996},
  year={2008},
  publisher={Oxford University Press}
}

@article{wooldridge2005fixed,
	title={Fixed-effects and related estimators for correlated random-coefficient and treatment-effect panel data models},
	author={Wooldridge, Jeffrey M},
	journal={Review of Economics and Statistics},
	volume={87},
	number={2},
	pages={385--390},
	year={2005},
	publisher={MIT Press}
}


@article{de2018fuzzy,
	title={Fuzzy differences-in-differences},
	author={De Chaisemartin, Cl{\'e}ment and dâHaultfoeuille, Xavier},
	journal={The Review of Economic Studies},
	volume={85},
	number={2},
	pages={999--1028},
	year={2018},
	publisher={Oxford University Press}
}

@article{lalonde1986evaluating,
	title={Evaluating the econometric evaluations of training programs with experimental data},
	author={LaLonde, Robert J},
	journal={The American economic review},
	pages={604--620},
	year={1986},
	publisher={JSTOR}
}




@article{yelowitz1995medicaid,
	title={The Medicaid notch, labor supply, and welfare participation: Evidence from eligibility expansions},
	author={Yelowitz, Aaron S},
	journal={The Quarterly Journal of Economics},
	volume={110},
	number={4},
	pages={909--939},
	year={1995},
	publisher={MIT Press}
}

@article{imai2020use,
	title={On the use of two-way fixed effects regression models for causal inference with panel data},
	author={Imai, Kosuke and Kim, In Song},
	journal={Political Analysis},
	pages={1--11},
	year={2020},
	publisher={Cambridge University Press}
}

@article{chabe2017should,
	title={Should we combine difference in differences with conditioning on pre-treatment outcomes?},
	author={Chab{\'e}-Ferret, Sylvain},
	year={2017},
	publisher={TSE Working paper}
}

@article{heckman1997matching,
	title={Matching as an econometric evaluation estimator: Evidence from evaluating a job training programme},
	author={Heckman, James J and Ichimura, Hidehiko and Todd, Petra E},
	journal={The review of economic studies},
	volume={64},
	number={4},
	pages={605--654},
	year={1997},
	publisher={Wiley-Blackwell}
}

@article{heckman1998matching,
	title={Matching as an econometric evaluation estimator},
	author={Heckman, James J and Ichimura, Hidehiko and Todd, Petra},
	journal={The review of economic studies},
	volume={65},
	number={2},
	pages={261--294},
	year={1998},
	publisher={Wiley-Blackwell}
}



@article{li2019statistical,
	title={Statistical inference for average treatment effects estimated by synthetic control methods},
	author={Li, Kathleen T},
	journal={Journal of the American Statistical Association},
	pages={1--16},
	year={2019},
	publisher={Taylor \& Francis}
}

@techreport{arkhangelsky2019synthetic,
	title={Synthetic difference in differences},
	author={Arkhangelsky, Dmitry and Athey, Susan and Hirshberg, David A and Imbens, Guido W and Wager, Stefan},
	year={2019},
	institution={National Bureau of Economic Research}
}



@article{brown2006stepped,
	title={The stepped wedge trial design: a systematic review},
	author={Brown, Celia A and Lilford, Richard J},
	journal={BMC medical research methodology},
	volume={6},
	number={1},
	pages={54},
	year={2006},
	publisher={Springer}
}



@article{golden2005effect,
	title={Effect of expedited treatment of sex partners on recurrent or persistent gonorrhea or chlamydial infection},
	author={Golden, Matthew R and Whittington, William LH and Handsfield, H Hunter and Hughes, James P and Stamm, Walter E and Hogben, Matthew and Clark, Agnes and Malinski, Cheryl and Helmers, Jennifer RL and Thomas, Katherine K and others},
	journal={New England Journal of Medicine},
	volume={352},
	number={7},
	pages={676--685},
	year={2005},
	publisher={Mass Medical Soc}
}

@article{mhurchu2010effects,
	title={Effects of a free school breakfast programme on school attendance, achievement, psychosocial function, and nutrition: a stepped wedge cluster randomised trial},
	author={Mhurchu, Cliona Ni and Turley, Maria and Gorton, Delvina and Jiang, Yannan and Michie, Jo and Maddison, Ralph and Hattie, John},
	journal={BMC Public Health},
	volume={10},
	number={1},
	pages={1--6},
	year={2010},
	publisher={BioMed Central}
}

@article{mdege2011systematic,
	title={Systematic review of stepped wedge cluster randomized trials shows that design is particularly used to evaluate interventions during routine implementation},
	author={Mdege, Noreen D and Man, Mei-See and Taylor, Celia A and Torgerson, David J},
	journal={Journal of clinical epidemiology},
	volume={64},
	number={9},
	pages={936--948},
	year={2011},
	publisher={Elsevier}
}

@book{wooldridge2010econometric,
	title={Econometric analysis of cross section and panel data},
	author={Wooldridge, Jeffrey M},
	year={2010}
}

@article{chamberlain1982multivariate,
	title={Multivariate regression models for panel data},
	author={Chamberlain, Gary},
	journal={Journal of econometrics},
	volume={18},
	number={1},
	pages={5--46},
	year={1982},
	publisher={Elsevier}
}

@book{hsiao2014analysis,
	title={Analysis of panel data},
	author={Hsiao, Cheng},
	number={54},
	year={2014},
	publisher={Cambridge university press}
}

@article{abadie2017penalized,
	title={A penalized synthetic control estimator for disaggregated data},
	author={Abadie, A and LâHour, J},
	journal={Work. Pap., Mass. Inst. Technol., Cambridge, MA},
	year={2017}
}

@article{robbins2017framework,
	title={A framework for synthetic control methods with high-dimensional, micro-level data: evaluating a neighborhood-specific crime intervention},
	author={Robbins, Michael W and Saunders, Jessica and Kilmer, Beau},
	journal={Journal of the American Statistical Association},
	volume={112},
	number={517},
	pages={109--126},
	year={2017},
	publisher={Taylor \& Francis}
}


@article{candes2010matrix,
	title={Matrix completion with noise},
	author={Candes, Emmanuel J and Plan, Yaniv},
	journal={Proceedings of the IEEE},
	volume={98},
	number={6},
	pages={925--936},
	year={2010},
	publisher={IEEE}
}


@article{candes2009exact,
	title={Exact matrix completion via convex optimization},
	author={Candes, Emmanuel and Recht, Benjamin},
	journal={Communications of the ACM},
	volume={55},
	number={6},
	pages={111--119},
	year={2009},
	publisher={ACM}
}

@misc{angrist1995identification,
	title={Identification and estimation of local average treatment effects},
	author={Angrist, Joshua and Imbens, Guido},
	year={1995},
	publisher={National Bureau of Economic Research Cambridge, Mass., USA}
}

@article{bhat2019near,
	title={Near optimal AB testing},
	author={Bhat, Nikhil and Farias, Vivek F and Moallemi, Ciamac C and Sinha, Deeksha},
	journal={Management Science},
	year={2019}
}

@article{hirano2003efficient,
	title={Efficient estimation of average treatment effects using the estimated propensity score},
	author={Hirano, Keisuke and Imbens, Guido W and Ridder, Geert},
	journal={Econometrica},
	volume={71},
	number={4},
	pages={1161--1189},
	year={2003},
	publisher={Wiley Online Library}
}

@article{blundell2004evaluating,
	title={Evaluating the employment impact of a mandatory job search program},
	author={Blundell, Richard and Dias, Monica Costa and Meghir, Costas and Van Reenen, John},
	journal={Journal of the European economic association},
	volume={2},
	number={4},
	pages={569--606},
	year={2004},
	publisher={Oxford University Press}
}


@book{pukelsheim2006optimal,
	title={Optimal design of experiments},
	author={Pukelsheim, Friedrich},
	year={2006},
	publisher={SIAM}
}

@article{abadie2005semiparametric,
	title={Semiparametric difference-in-differences estimators},
	author={Abadie, Alberto},
	journal={The Review of Economic Studies},
	volume={72},
	number={1},
	pages={1--19},
	year={2005},
	publisher={Wiley-Blackwell}
}

@article{abadie2006large,
	title={Large sample properties of matching estimators for average treatment effects},
	author={Abadie, Alberto and Imbens, Guido W},
	journal={Econometrica},
	volume={74},
	number={1},
	pages={235--267},
	year={2006},
	publisher={Wiley Online Library}
}

@article{rosenbaum1983central,
	title={The central role of the propensity score in observational studies for causal effects},
	author={Rosenbaum, Paul R and Rubin, Donald B},
	journal={Biometrika},
	volume={70},
	number={1},
	pages={41--55},
	year={1983},
	publisher={Oxford University Press}
}

@inproceedings{ju2019sequential,
  title={A sequential test for selecting the better variant: Online a/b testing, adaptive allocation, and continuous monitoring},
  author={Ju, Nianqiao and Hu, Diane and Henderson, Adam and Hong, Liangjie},
  booktitle={Proceedings of the Twelfth ACM International Conference on Web Search and Data Mining},
  pages={492--500},
  year={2019}
}

@article{abadie2010synthetic,
	title={Synthetic control methods for comparative case studies: Estimating the effect of Californiaâs tobacco control program},
	author={Abadie, Alberto and Diamond, Alexis and Hainmueller, Jens},
	journal={Journal of the American statistical Association},
	volume={105},
	number={490},
	pages={493--505},
	year={2010},
	publisher={Taylor \& Francis}
}


@article{abadie2015comparative,
	title={Comparative politics and the synthetic control method},
	author={Abadie, Alberto and Diamond, Alexis and Hainmueller, Jens},
	journal={American Journal of Political Science},
	volume={59},
	number={2},
	pages={495--510},
	year={2015},
	publisher={Wiley Online Library}
}

@techreport{doudchenko2016balancing,
	title={Balancing, regression, difference-in-differences and synthetic control methods: A synthesis},
	author={Doudchenko, Nikolay and Imbens, Guido W},
	year={2016},
	institution={National Bureau of Economic Research}
}

@techreport{li2017statistical,
	title={Statistical inference for average treatment effects estimated by synthetic control methods},
	author={Li, Kathleen T},
	year={2017},
	institution={working paper}
}

@article{li2017estimation,
	title={Estimation of average treatment effects with panel data: Asymptotic theory and implementation},
	author={Li, Kathleen T and Bell, David R},
	journal={Journal of Econometrics},
	volume={197},
	number={1},
	pages={65--75},
	year={2017},
	publisher={Elsevier}
}


@techreport{arkhangelsky2019synthetic,
	title={Synthetic difference in differences},
	author={Arkhangelsky, Dmitry and Athey, Susan and Hirshberg, David A and Imbens, Guido W and Wager, Stefan},
	year={2019},
	institution={National Bureau of Economic Research}
}


@article{woertman2013stepped,
	title={Stepped wedge designs could reduce the required sample size in cluster randomized trials},
	author={Woertman, Willem and de Hoop, Esther and Moerbeek, Mirjam and Zuidema, Sytse U and Gerritsen, Debby L and Teerenstra, Steven},
	journal={Journal of Clinical Epidemiology},
	volume={66},
	number={7},
	pages={752--758},
	year={2013},
	publisher={Elsevier}
}



@article{athey2018matrix,
  title={Matrix completion methods for causal panel data models},
  author={Athey, Susan and Bayati, Mohsen and Doudchenko, Nikolay and Imbens, Guido and Khosravi, Khashayar},
  journal={Journal of the American Statistical Association},
  volume={116},
  number={536},
  pages={1716--1730},
  year={2021},
  publisher={Taylor \& Francis}
}

@techreport{athey2018design,
	title={Design-based analysis in difference-in-differences settings with staggered adoption},
  author={Athey, Susan and Imbens, Guido W},
  journal={Journal of Econometrics},
  year={2021},
  publisher={Elsevier}
}


@article{callaway2020difference,
  title={Difference-in-differences with multiple time periods},
  author={Callaway, Brantly and SantâAnna, Pedro HC},
  journal={Journal of Econometrics},
  year={2020},
  publisher={Elsevier}
}

@article{basse2019minimax,
  title={Minimax designs for causal effects in temporal experiments with treatment habituation},
  author={Basse, Guillaume W and Ding, Yi and Toulis, Panos},
  journal={Biometrika},
  volume={110},
  number={1},
  pages={155--168},
  year={2023},
  publisher={Oxford University Press}
}

@techreport{athey1998empirical,
	title={An empirical framework for testing theories about complimentarity in organizational design},
	author={Athey, Susan and Stern, Scott},
	year={1998},
	institution={National Bureau of Economic Research}
}

@article{leone1995generalizing,
	title={Generalizing what is known about temporal aggregation and advertising carryover},
	author={Leone, Robert P},
	journal={Marketing Science},
	volume={14},
	number={3\_supplement},
	pages={G141--G150},
	year={1995},
	publisher={INFORMS}
}


@article{assmus1984advertising,
	title={How advertising affects sales: Meta-analysis of econometric results},
	author={Assmus, Gert and Farley, John U and Lehmann, Donald R},
	journal={Journal of Marketing Research},
	volume={21},
	number={1},
	pages={65--74},
	year={1984},
	publisher={SAGE Publications Sage CA: Los Angeles, CA}
}


@article{cleophas1993carryover,
	title={Carryover bias in clinical investigations},
	author={Cleophas, Ton JM},
	journal={The Journal of Clinical Pharmacology},
	volume={33},
	number={9},
	pages={799--804},
	year={1993},
	publisher={Wiley Online Library}
}


@article{cleophas1993carry,
	title={Carry-over biases in clinical pharmacology},
	author={Cleophas, TJM},
	journal={Clinical Chemistry and Laboratory Medicine},
	volume={31},
	number={12},
	pages={803--810},
	year={1993},
	publisher={Walter de Gruyter, Berlin/New York}
}

@article{willan1986carryover,
	title={Carryover and the two-period crossover clinical trial},
	author={Willan, Andrew R and Pater, Joseph L},
	journal={Biometrics},
	pages={593--599},
	year={1986},
	publisher={JSTOR}
}

@book{cleophas1999human,
	title={Human Experimentation: Methodologic Issues Fundamental to Clinical Trials},
	author={Cleophas, Ton J},
	year={1999},
	publisher={Springer Science \& Business Media}
}

@article{hastie2015matrix,
	title={Matrix completion and low-rank SVD via fast alternating least squares},
	author={Hastie, Trevor and Mazumder, Rahul and Lee, Jason D and Zadeh, Reza},
	journal={The Journal of Machine Learning Research},
	volume={16},
	number={1},
	pages={3367--3402},
	year={2015},
	publisher={JMLR. org}
}




@article{che2012investigating,
	title={Investigating effects of out-of-stock on consumer stockkeeping unit choice},
	author={Che, Hai and Chen, Xinlei and Chen, Yuxin},
	journal={Journal of Marketing Research},
	volume={49},
	number={4},
	pages={502--513},
	year={2012},
	publisher={SAGE Publications Sage CA: Los Angeles, CA}
}

@article{ruiz2017shopper,
	title={Shopper: A probabilistic model of consumer choice with substitutes and complements},
	author={Ruiz, Francisco JR and Athey, Susan and Blei, David M},
	journal={arXiv preprint arXiv:1711.03560},
	year={2017}
}

@article{dale1999optimal,
	title={Optimal experimental design for event-related fMRI},
	author={Dale, Anders M},
	journal={Human brain mapping},
	volume={8},
	number={2-3},
	pages={109--114},
	year={1999},
	publisher={Wiley Online Library}
}



@article{murray2004design,
	title={Design and analysis of group-randomized trials: a review of recent methodological developments},
	author={Murray, David M and Varnell, Sherri P and Blitstein, Jonathan L},
	journal={American Journal of Public Health},
	volume={94},
	number={3},
	pages={423--432},
	year={2004},
	publisher={American Public Health Association}
}

@article{rosen2006defense,
	title={In defense of the randomized controlled trial for health promotion research},
	author={Rosen, Laura and Manor, Orly and Engelhard, Dan and Zucker, David},
	journal={American Journal of Public Health},
	volume={96},
	number={7},
	pages={1181--1186},
	year={2006},
	publisher={American Public Health Association}
}


@article{campbell2012consort,
	title={Consort 2010 statement: extension to cluster randomised trials},
	author={Campbell, Marion K and Piaggio, Gilda and Elbourne, Diana R and Altman, Douglas G},
	journal={Bmj},
	volume={345},
	pages={e5661},
	year={2012},
	publisher={British Medical Journal Publishing Group}
}

@article{kuhfeld2005experimental,
	title={Experimental design, efficiency, coding, and choice designs},
	author={Kuhfeld, Warren F},
	journal={Marketing Research Methods in SAS: Experimental Design, Choice, Conjoint, and Graphical Techniques},
	pages={47--97},
	year={2005},
	publisher={Citeseer}
}

@book{torgerson2008designing,
	title={Designing randomised trials in health, education and the social sciences: an introduction},
	author={Torgerson, David},
	year={2008},
	publisher={Springer}
}

@book{jones2014design,
	title={Design and analysis of cross-over trials},
	author={Jones, Byron and Kenward, Michael G},
	year={2014},
	publisher={CRC press}
}

@book{senn2002cross,
	title={Cross-over trials in clinical research},
	author={Senn, Stephen S},
	volume={5},
	year={2002},
	publisher={John Wiley \& Sons}
}


@book{crowder1990analysis,
	title={Analysis of repeated measures},
	author={Crowder, Martin J and Hand, David J},
	volume={41},
	year={1990},
	publisher={CRC Press}
}



@article{freeman1989performance,
	title={The performance of the two-stage analysis of two-treatment, two-period crossover trials},
	author={Freeman, PR},
	journal={Statistics in medicine},
	volume={8},
	number={12},
	pages={1421--1432},
	year={1989},
	publisher={Wiley Online Library}
}

@article{hills1979two,
	title={The two-period cross-over clinical trial.},
	author={Hills, M and Armitage, P},
	journal={British journal of clinical pharmacology},
	volume={8},
	number={1},
	pages={7},
	year={1979},
	publisher={Wiley-Blackwell}
}

@article{mdege2011systematic,
	title={Systematic review of stepped wedge cluster randomized trials shows that design is particularly used to evaluate interventions during routine implementation},
	author={Mdege, Noreen D and Man, Mei-See and Taylor, Celia A and Torgerson, David J},
	journal={Journal of Clinical Epidemiology},
	volume={64},
	number={9},
	pages={936--948},
	year={2011},
	publisher={Elsevier}
}


@article{hooper2016sample,
	title={Sample size calculation for stepped wedge and other longitudinal cluster randomised trials},
	author={Hooper, Richard and Teerenstra, Steven and de Hoop, Esther and Eldridge, Sandra},
	journal={Statistics in medicine},
	volume={35},
	number={26},
	pages={4718--4728},
	year={2016},
	publisher={Wiley Online Library}
}




@book{cook2002experimental,
	title={Experimental and quasi-experimental designs for generalized causal inference},
	author={Cook, Thomas D and Campbell, Donald Thomas and Shadish, William},
	year={2002},
	publisher={Houghton Mifflin Boston, MA}
}


@article{bertsimas2015power,
	title={The power of optimization over randomization in designing experiments involving small samples},
	author={Bertsimas, Dimitris and Johnson, Mac and Kallus, Nathan},
	journal={Operations Research},
	volume={63},
	number={4},
	pages={868--876},
	year={2015},
	publisher={INFORMS}
}




@article{kallus2018optimal,
	title={Optimal a priori balance in the design of controlled experiments},
	author={Kallus, Nathan},
	journal={Journal of the Royal Statistical Society: Series B (Statistical Methodology)},
	volume={80},
	number={1},
	pages={85--112},
	year={2018},
	publisher={Wiley Online Library}
}


@article{simester2009dynamics,
	title={Dynamics of retail advertising: Evidence from a field experiment},
	author={Simester, Duncan and Hu, Yu and Brynjolfsson, Erik and Anderson, Eric T},
	journal={Economic Inquiry},
	volume={47},
	number={3},
	pages={482--499},
	year={2009},
	publisher={Wiley Online Library}
}


@article{brynjolfsson2019using,
	title={Using massive online choice experiments to measure changes in well-being},
	author={Brynjolfsson, Erik and Collis, Avinash and Eggers, Felix},
	journal={Proceedings of the National Academy of Sciences},
	volume={116},
	number={15},
	pages={7250--7255},
	year={2019},
	publisher={National Acad Sciences}
}

@article{atkinson1975design,
	title={The design of experiments for discriminating between two rival models},
	author={Atkinson, AC and Fedorov, VV},
	journal={Biometrika},
	volume={62},
	number={1},
	pages={57--70},
	year={1975},
	publisher={Oxford University Press}
}

@article{atkinson1975optimal,
	title={Optimal design: Experiments for discriminating between several models},
	author={Atkinson, Anthony C and Fedorov, Valerii Vadimovich},
	journal={Biometrika},
	volume={62},
	number={2},
	pages={289--303},
	year={1975},
	publisher={Oxford University Press}
}


@article{ucinski2005t,
	title={T-optimum designs for discrimination between two multiresponse dynamic models},
	author={Uci{\'n}ski, Dariusz and Bogacka, Barbara},
	journal={Journal of the Royal Statistical Society: Series B (Statistical Methodology)},
	volume={67},
	number={1},
	pages={3--18},
	year={2005},
	publisher={Wiley Online Library}
}

@article{wiens2009robust,
	title={Robust discrimination designs},
	author={Wiens, Douglas P},
	journal={Journal of the Royal Statistical Society: Series B (Statistical Methodology)},
	volume={71},
	number={4},
	pages={805--829},
	year={2009},
	publisher={Wiley Online Library}
}

@article{dette2012t,
	title={T-optimal designs for discrimination between two polynomial models},
	author={Dette, Holger and Melas, Viatcheslav B and Shpilev, Petr and others},
	journal={The Annals of Statistics},
	volume={40},
	number={1},
	pages={188--205},
	year={2012},
	publisher={Institute of Mathematical Statistics}
}

@article{dette2013robust,
	title={Robust $ T $-optimal discriminating designs},
	author={Dette, Holger and Melas, Viatcheslav B and Shpilev, Petr and others},
	journal={Annals of Statistics},
	volume={41},
	number={4},
	pages={1693--1715},
	year={2013},
	publisher={Institute of Mathematical Statistics}
}

@article{dette2015bayesian,
	title={Bayesian T-optimal discriminating designs},
	author={Dette, Holger and Melas, Viatcheslav B and Guchenko, Roman},
	journal={Annals of statistics},
	volume={43},
	number={5},
	pages={1959},
	year={2015},
	publisher={NIH Public Access}
}

@book{bai2008large,
	title={Large dimensional factor analysis},
	author={Bai, Jushan and Ng, Serena},
	year={2008},
	publisher={Now Publishers Inc}
}

@book{silvey2013optimal,
	title={Optimal design: an introduction to the theory for parameter estimation},
	author={Silvey, Samuel},
	volume={1},
	year={2013},
	publisher={Springer Science \& Business Media}
}


@book{atkinson2007optimum,
	title={Optimum experimental designs, with SAS},
	author={Atkinson, Anthony and Donev, Alexander and Tobias, Randall},
	volume={34},
	year={2007},
	publisher={Oxford University Press}
}

@inproceedings{brynjolfsson2018measuring,
	title={Measuring welfare with massive online choice experiments: A brief introduction},
	author={Brynjolfsson, Erik and Eggers, Felix and Gannamaneni, Avinash},
	booktitle={AEA Papers and Proceedings},
	volume={108},
	pages={473--76},
	year={2018}
}

@book{salganik2019bit,
	title={Bit by bit: Social research in the digital age},
	author={Salganik, Matthew},
	year={2019},
	publisher={Princeton University Press}
}


@article{muchnik2013social,
	title={Social influence bias: A randomized experiment},
	author={Muchnik, Lev and Aral, Sinan and Taylor, Sean J},
	journal={Science},
	volume={341},
	number={6146},
	pages={647--651},
	year={2013},
	publisher={American Association for the Advancement of Science}
}

@article{aral2014tie,
	title={Tie strength, embeddedness, and social influence: A large-scale networked experiment},
	author={Aral, Sinan and Walker, Dylan},
	journal={Management Science},
	volume={60},
	number={6},
	pages={1352--1370},
	year={2014},
	publisher={INFORMS}
}

@article{lewis2014online,
	title={Online ads and offline sales: measuring the effect of retail advertising via a controlled experiment on Yahoo!},
	author={Lewis, Randall A and Reiley, David H},
	journal={Quantitative Marketing and Economics},
	volume={12},
	number={3},
	pages={235--266},
	year={2014},
	publisher={Springer}
}


@book{murray1998design,
	title={Design and analysis of group-randomized trials},
	author={Murray, David M and others},
	volume={29},
	year={1998},
	publisher={Oxford University Press, USA}
}

@book{maxwell2017designing,
	title={Designing experiments and analyzing data: A model comparison perspective},
	author={Maxwell, Scott E and Delaney, Harold D and Kelley, Ken},
	year={2017},
	publisher={Routledge}
}

@book{matthews2006introduction,
	title={Introduction to randomized controlled clinical trials},
	author={Matthews, John NS},
	year={2006},
	publisher={CRC Press}
}

@article{cohen1992statistical,
	title={Statistical power analysis},
	author={Cohen, Jacob},
	journal={Current directions in psychological science},
	volume={1},
	number={3},
	pages={98--101},
	year={1992},
	publisher={Sage Publications Sage CA: Los Angeles, CA}
}

@article{grizzle1965two,
	title={The two-period change-over design and its use in clinical trials},
	author={Grizzle, James E},
	journal={Biometrics},
	pages={467--480},
	year={1965},
	publisher={JSTOR}
}


@article{laska1983optimal,
	title={Optimal crossover designs in the presence of carryover effects},
	author={Laska, Eugene and Meisner, Morris and Kushner, HB},
	journal={Biometrics},
	pages={1087--1091},
	year={1983},
	publisher={JSTOR}
}

@article{wallenstein1977analysis,
	title={The analysis of the two-period repeated measurements crossover design with application to clinical trials},
	author={Wallenstein, Sylvan and Fisher, Alan C},
	journal={Biometrics},
	pages={261--269},
	year={1977},
	publisher={JSTOR}
}

@article{amaldoss2010reference,
	title={Reference groups and product line decisions: An experimental investigation of limited editions and product proliferation},
	author={Amaldoss, Wilfred and Jain, Sanjay},
	journal={Management Science},
	volume={56},
	number={4},
	pages={621--644},
	year={2010},
	publisher={INFORMS}
}


@article{dimasi2016innovation,
	title={Innovation in the pharmaceutical industry: new estimates of R\&D costs},
	author={DiMasi, Joseph A and Grabowski, Henry G and Hansen, Ronald W},
	journal={Journal of Health Economics},
	volume={47},
	pages={20--33},
	year={2016},
	publisher={Elsevier}
}

@book{jones2003design,
	title={Design and analysis of cross-over trials},
	author={Jones, Byron and Kenward, Michael G},
	year={2003},
	publisher={Chapman and Hall/CRC}
}


@article{chalmers1981method,
	title={A method for assessing the quality of a randomized control trial},
	author={Chalmers, Thomas C and Smith Jr, Harry and Blackburn, Bradley and Silverman, Bernard and Schroeder, Biruta and Reitman, Dinah and Ambroz, Alexander},
	journal={Controlled Clinical Trials},
	volume={2},
	number={1},
	pages={31--49},
	year={1981},
	publisher={Elsevier}
}

@article{elley2003effectiveness,
	title={Effectiveness of counselling patients on physical activity in general practice: cluster randomised controlled trial},
	author={Elley, C Raina and Kerse, Ngaire and Arroll, Bruce and Robinson, Elizabeth},
	journal={Bmj},
	volume={326},
	number={7393},
	pages={793},
	year={2003},
	publisher={British Medical Journal Publishing Group}
}

@article{lewis2015unfavorable,
	title={The unfavorable economics of measuring the returns to advertising},
	author={Lewis, Randall A and Rao, Justin M},
	journal={The Quarterly Journal of Economics},
	volume={130},
	number={4},
	pages={1941--1973},
	year={2015},
	publisher={MIT Press}
}


@incollection{nikolaev2010simulated,
	title={Simulated annealing},
	author={Nikolaev, Alexander G and Jacobson, Sheldon H},
	booktitle={Handbook of Metaheuristics},
	pages={1--39},
	year={2010},
	publisher={Springer}
}


@incollection{athey2017econometrics,
	title={The econometrics of randomized experiments},
	author={Athey, Susan and Imbens, Guido W},
	booktitle={Handbook of Economic Field Experiments},
	volume={1},
	pages={73--140},
	year={2017},
	publisher={Elsevier}
}

@book{polit2008nursing,
	title={Nursing research: Generating and assessing evidence for nursing practice},
	author={Polit, Denise F and Beck, Cheryl Tatano},
	year={2008},
	publisher={Lippincott Williams \& Wilkins}
}


@article{abadie2018endogenous,
	title={Endogenous stratification in randomized experiments},
	author={Abadie, Alberto and Chingos, Matthew M and West, Martin R},
	journal={Review of Economics and Statistics},
	volume={100},
	number={4},
	pages={567--580},
	year={2018},
	publisher={MIT Press}
}

@article{simon1979restricted,
	title={Restricted randomization designs in clinical trials},
	author={Simon, Richard},
	journal={Biometrics},
	pages={503--512},
	year={1979},
	publisher={JSTOR}
}


@article{li2018asymptotic,
	title={Asymptotic theory of rerandomization in treatment--control experiments},
	author={Li, Xinran and Ding, Peng and Rubin, Donald B},
	journal={Proceedings of the National Academy of Sciences},
	volume={115},
	number={37},
	pages={9157--9162},
	year={2018},
	publisher={National Acad Sciences}
}

@article{bugni2018inference,
	title={Inference under covariate-adaptive randomization},
	author={Bugni, Federico A and Canay, Ivan A and Shaikh, Azeem M},
	journal={Journal of the American Statistical Association},
	volume={113},
	number={524},
	pages={1784--1796},
	year={2018},
	publisher={Taylor \& Francis}
}


@article{bugni2019inference,
	title={Inference under covariate-adaptive randomization with multiple treatments},
	author={Bugni, Federico A and Canay, Ivan A and Shaikh, Azeem},
	journal={University of Chicago, Becker Friedman Institute for Economics Working Paper},
	number={2019-19},
	year={2019}
}

@article{bertsimas2019covariate,
	title={Covariate-adaptive optimization in online clinical trials},
	author={Bertsimas, Dimitris and Korolko, Nikita and Weinstein, Alexander M},
	journal={Operations Research},
	year={2019},
	publisher={INFORMS}
}

@article{lattimore2018bandit,
  title={Bandit algorithms},
  author={Lattimore, Tor and Szepesv{\'a}ri, Csaba},
  year={2020},
  publisher={Cambridge University Press}
}

@article{bubeck2012regret,
  title={Regret analysis of stochastic and nonstochastic multi-armed bandit problems},
  author={Bubeck, S{\'e}bastien and Cesa-Bianchi, Nicolo and others},
  journal={Foundations and Trends{\textregistered} in Machine Learning},
  volume={5},
  number={1},
  pages={1--122},
  year={2012},
  publisher={Now Publishers, Inc.}
}




@article{mertens2006easiest,
	title={The easiest hard problem: Number partitioning},
	author={Mertens, Stephan},
	journal={Computational Complexity and Statistical Physics},
	volume={125},
	number={2},
	pages={125--139},
	year={2006},
	publisher={Oxford University Press New York}
}


@article{hayes2002computing,
	title={Computing science: The easiest hard problem},
	author={Hayes, Brian},
	journal={American Scientist},
	volume={90},
	number={2},
	pages={113--117},
	year={2002},
	publisher={JSTOR}
}

@article{leahey2014adding,
	title={Adding evidence-based behavioral weight loss strategies to a statewide wellness campaign: a randomized clinical trial},
	author={Leahey, Tricia M and Thomas, Graham and Fava, Joseph L and Subak, Leslee L and Schembri, Michael and Krupel, Katie and Kumar, Rajiv and Weinberg, Brad and Wing, Rena R},
	journal={American Journal of Public Health},
	volume={104},
	number={7},
	pages={1300--1306},
	year={2014},
	publisher={American Public Health Association}
}

@article{gordon2019comparison,
	title={A comparison of approaches to advertising measurement: Evidence from big field experiments at Facebook},
	author={Gordon, Brett R and Zettelmeyer, Florian and Bhargava, Neha and Chapsky, Dan},
	journal={Marketing Science},
	volume={38},
	number={2},
	pages={193--225},
	year={2019},
	publisher={INFORMS}
}

@article{joo2019optimal,
	title={Optimal product design by sequential experiments in high dimensions},
	author={Joo, Mingyu and Thompson, Michael L and Allenby, Greg M},
	journal={Management Science},
	volume={65},
	number={7},
	pages={3235--3254},
	year={2019},
	publisher={INFORMS}
}

@article{zhang2019long,
	title={The Long-term and Spillover Effects of Price Promotions on Retailing Platforms: Evidence from a Large Randomized Experiment on Alibaba},
	author={Zhang, Dennis J and Dai, Hengchen and Dong, Lingxiu and Qi, Fangfang and Zhang, Nannan and Liu, Xiaofei and Liu, Zhongyi and Yang, Jiang},
	journal={Management Science},
	year={2019},
	publisher={INFORMS}
}


@article{zhang2019value,
	title={The value of pop-up stores on retailing platforms: Evidence from a field experiment with alibaba},
	author={Zhang, Dennis J and Dai, Hengchen and Dong, Lingxiu and Wu, Qian and Guo, Lifan and Liu, Xiaofei},
	journal={Management Science},
	volume={65},
	number={11},
	pages={5142--5151},
	year={2019},
	publisher={INFORMS}
}

@article{cui2020reducing,
	title={Reducing discrimination with reviews in the sharing economy: Evidence from field experiments on Airbnb},
	author={Cui, Ruomeng and Li, Jun and Zhang, Dennis J},
	journal={Management Science},
	volume={66},
	number={3},
	pages={1071--1094},
	year={2020},
	publisher={INFORMS}
}

@article{ulku2019making,
	title={Making the wait worthwhile: Experiments on the effect of queueing on consumption},
	author={{\"U}lk{\"u}, Sezer and Hydock, Chris and Cui, Shiliang},
	journal={Management Science},
	year={2019},
	publisher={INFORMS}
}

@article{cohen2018frustration,
	title={Frustration-based promotions: Field experiments in ride-sharing},
	author={Cohen, Maxime and Fiszer, Michael-David and Kim, Baek Jung},
	journal={Available at SSRN 3129717},
	year={2018}
}

@article{cheung2017dynamic,
	title={Dynamic pricing and demand learning with limited price experimentation},
	author={Cheung, Wang Chi and Simchi-Levi, David and Wang, He},
	journal={Operations Research},
	volume={65},
	number={6},
	pages={1722--1731},
	year={2017},
	publisher={INFORMS}
}

@article{krieger2019nearly,
	title={Nearly random designs with greatly improved balance},
	author={Krieger, Abba M and Azriel, David and Kapelner, Adam},
	journal={Biometrika},
	volume={106},
	number={3},
	pages={695--701},
	year={2019},
	publisher={Oxford University Press}
}

@article{kallus2020generalized,
	title={Generalized optimal matching methods for causal inference},
	author={Kallus, Nathan},
	journal={Journal of Machine Learning Research},
	volume={21},
	number={62},
	pages={1--54},
	year={2020}
}

@article{hu2012asymptotic,
	title={Asymptotic properties of covariate-adaptive randomization},
	author={Hu, Yanqing and Hu, Feifang and others},
	journal={The Annals of Statistics},
	volume={40},
	number={3},
	pages={1794--1815},
	year={2012},
	publisher={Institute of Mathematical Statistics}
}

@article{nikolaev2013balance,
	title={Balance optimization subset selection (BOSS): An alternative approach for causal inference with observational data},
	author={Nikolaev, Alexander G and Jacobson, Sheldon H and Cho, Wendy K Tam and Sauppe, Jason J and Sewell, Edward C},
	journal={Operations Research},
	volume={61},
	number={2},
	pages={398--412},
	year={2013},
	publisher={INFORMS}
}


@article{li2021interference,
  title={Interference, Bias, and Variance in Two-Sided Marketplace Experimentation: Guidance for Platforms},
  author={Li, Hannah and Zhao, Geng and Johari, Ramesh and Weintraub, Gabriel Y},
  journal={arXiv preprint arXiv:2104.12222},
  year={2021}
}

@article{sauppe2014complexity,
	title={Complexity and approximation results for the balance optimization subset selection model for causal inference in observational studies},
	author={Sauppe, Jason J and Jacobson, Sheldon H and Sewell, Edward C},
	journal={INFORMS Journal on Computing},
	volume={26},
	number={3},
	pages={547--566},
	year={2014},
	publisher={INFORMS}
}

@article{sauppe2017role,
	title={The role of covariate balance in observational studies},
	author={Sauppe, Jason J and Jacobson, Sheldon H},
	journal={Naval Research Logistics (NRL)},
	volume={64},
	number={4},
	pages={323--344},
	year={2017},
	publisher={Wiley Online Library}
}

@article{zhao2019covariate,
	title={Covariate balancing propensity score by tailored loss functions},
	author={Zhao, Qingyuan},
	journal={The Annals of Statistics},
	volume={47},
	number={2},
	pages={965--993},
	year={2019},
	publisher={Institute of Mathematical Statistics}
}

@article{kallus2018deepmatch,
	title={Deepmatch: Balancing deep covariate representations for causal inference using adversarial training},
	author={Kallus, Nathan},
	journal={arXiv preprint arXiv:1802.05664},
	year={2018}
}

@article{imai2014covariate,
	title={Covariate balancing propensity score},
	author={Imai, Kosuke and Ratkovic, Marc},
	journal={Journal of the Royal Statistical Society: Series B (Statistical Methodology)},
	volume={76},
	number={1},
	pages={243--263},
	year={2014},
	publisher={Wiley Online Library}
}

@article{zubizarreta2015stable,
	title={Stable weights that balance covariates for estimation with incomplete outcome data},
	author={Zubizarreta, Jos{\'e} R},
	journal={Journal of the American Statistical Association},
	volume={110},
	number={511},
	pages={910--922},
	year={2015},
	publisher={Taylor \& Francis}
}

@article{li2018balancing,
	title={Balancing covariates via propensity score weighting},
	author={Li, Fan and Morgan, Kari Lock and Zaslavsky, Alan M},
	journal={Journal of the American Statistical Association},
	volume={113},
	number={521},
	pages={390--400},
	year={2018},
	publisher={Taylor \& Francis}
}

@techreport{fan2016improving,
	title={Improving covariate balancing propensity score: A doubly robust and efficient approach},
	author={Fan, Jianqing and Imai, Kosuke and Liu, Han and Ning, Yang and Yang, Xiaolin},
	year={2016},
	institution={Technical report, Princeton Univ}
}

@article{mulvey1983multivariate,
	title={Multivariate stratified sampling by optimization},
	author={Mulvey, John M},
	journal={Management Science},
	volume={29},
	number={6},
	pages={715--724},
	year={1983},
	publisher={INFORMS}
}

@article{cheng1989problem,
	title={The problem of dimensionality in stratified sampling},
	author={Cheng, Russell CH and Davenport, Teresa},
	journal={Management Science},
	volume={35},
	number={11},
	pages={1278--1296},
	year={1989},
	publisher={INFORMS}
}

@article{fox2000separability,
	title={Separability in optimal allocation},
	author={Fox, Bennet L},
	journal={Operations Research},
	volume={48},
	number={1},
	pages={173--176},
	year={2000},
	publisher={INFORMS}
}

@article{efron1971forcing,
	title={Forcing a sequential experiment to be balanced},
	author={Efron, Bradley},
	journal={Biometrika},
	volume={58},
	number={3},
	pages={403--417},
	year={1971},
	publisher={Oxford University Press}
}


@article{pocock1975sequential,
	title={Sequential treatment assignment with balancing for prognostic factors in the controlled clinical trial},
	author={Pocock, Stuart J and Simon, Richard},
	journal={Biometrics},
	pages={103--115},
	year={1975},
	publisher={JSTOR}
}

@article{abaluck2021impact,
author = {Jason Abaluck  and Laura H. Kwong  and Ashley Styczynski  and Ashraful Haque  and Md. Alamgir Kabir  and Ellen Bates-Jefferys  and Emily Crawford  and Jade Benjamin-Chung  and Shabib Raihan  and Shadman Rahman  and Salim Benhachmi  and Neeti Zaman Bintee  and Peter J. Winch  and Maqsud Hossain  and Hasan Mahmud Reza  and Abdullah All Jaber  and Shawkee Gulshan Momen  and Aura Rahman  and Faika Laz Banti  and Tahrima Saiha Huq  and Stephen P. Luby  and Ahmed Mushfiq Mobarak},
title = {Impact of community masking on COVID-19: A cluster-randomized trial in Bangladesh},
journal = {Science},
year = {2021}
}

@article{gupta2019top,
author = {Gupta, Somit and Kohavi, Ronny and Tang, Diane and Xu, Ya and Andersen, Reid and Bakshy, Eytan and Cardin, Niall and Chandran, Sumita and Chen, Nanyu and Coey, Dominic and Curtis, Mike and Deng, Alex and Duan, Weitao and Forbes, Peter and Frasca, Brian and Guy, Tommy and Imbens, Guido W. and Saint Jacques, Guillaume and Kantawala, Pranav and Katsev, Ilya and Katzwer, Moshe and Konutgan, Mikael and Kunakova, Elena and Lee, Minyong and Lee, MJ and Liu, Joseph and McQueen, James and Najmi, Amir and Smith, Brent and Trehan, Vivek and Vermeer, Lukas and Walker, Toby and Wong, Jeffrey and Yashkov, Igor},
title = {Top Challenges from the First Practical Online Controlled Experiments Summit},
year = {2019},
issue_date = {June 2019},
publisher = {Association for Computing Machinery},
address = {New York, NY, USA},
volume = {21},
number = {1},
issn = {1931-0145},
journal = {SIGKDD Explor. Newsl.},
month = {may},
pages = {20â35},
numpages = {16}
}
@article{doudchenko2021synthetic,
  title={Synthetic design: An optimization approach to experimental design with synthetic controls},
  author={Doudchenko, Nick and Khosravi, Khashayar and Pouget-Abadie, Jean and Lahaie, Sebastien and Lubin, Miles and Mirrokni, Vahab and Spiess, Jann and others},
  journal={Advances in Neural Information Processing Systems},
  volume={34},
  pages={8691--8701},
  year={2021}
}

@article{bajari2021multiple,
  title={Experimental design in marketplaces},
  author={Bajari, Patrick and Burdick, Brian and Imbens, Guido W and Masoero, Lorenzo and McQueen, James and Richardson, Thomas S and Rosen, Ido M},
  journal={Statistical Science},
  volume={1},
  number={1},
  pages={1--19},
  year={2023},
  publisher={Institute of Mathematical Statistics}
}

@article{wager2021experimenting,
  title={Experimenting in equilibrium},
  author={Wager, Stefan and Xu, Kuang},
  journal={Management Science},
  volume={67},
  number={11},
  pages={6694--6715},
  year={2021},
  publisher={INFORMS}
}


@inproceedings{hamidi2019personalizing,
  title={Personalizing many decisions with high-dimensional covariates},
  author={Hamidi, Nima and Bayati, Mohsen and Gupta, Kapil},
  journal={Advances in Neural Information Processing Systems},
  volume={32},
  year={2019}
}

@article{auer2003using,
author = {Auer, Peter},
title = {Using Confidence Bounds for Exploitation-Exploration Trade-Offs},
year = {2003},
issue_date = {3/1/2003},
publisher = {JMLR.org},
volume = {3},
number = {null},
issn = {1532-4435},
month = {mar},
pages = {397â422},
numpages = {26},
}

@ARTICLE{deshpande2017accurate,
  title={Accurate inference for adaptive linear models},
  author={Deshpande, Yash and Mackey, Lester and Syrgkanis, Vasilis and Taddy, Matt},
  booktitle={International Conference on Machine Learning},
  pages={1194--1203},
  year={2018},
  organization={PMLR}
}

@article{lai1982least,
author = {Tze Leung Lai and Ching Zong Wei},
title = {{Least Squares Estimates in Stochastic Regression Models with Applications to Identification and Control of Dynamic Systems}},
volume = {10},
journal = {The Annals of Statistics},
number = {1},
publisher = {Institute of Mathematical Statistics},
pages = {154 -- 166},
keywords = {adaptive control, asymptotic normality, dynamic models, least squares, Martingales, Stochastic regressors, strong consistency, system identification},
year = {1982},
doi = {10.1214/aos/1176345697},
URL = {https://doi.org/10.1214/aos/1176345697}
}

@article{deshpande2021online,
author = {Yash Deshpande and Adel Javanmard and Mohammad Mehrabi},
title = {Online Debiasing for Adaptively Collected High-Dimensional Data With Applications to Time Series Analysis},
journal = {Journal of the American Statistical Association},
volume = {0},
number = {0},
pages = {1-14},
year  = {2021},
publisher = {Taylor & Francis},
doi = {10.1080/01621459.2021.1979011}
}


